<?xml version="1.0" encoding="UTF-8"?><collection xmlns="http://www.loc.gov/MARC21/slim"><record><leader>00395nam--2200145-i-4500</leader><controlfield tag="001">000040872</controlfield><controlfield tag="002">20161230</controlfield><controlfield tag="005">20161230201042</controlfield><controlfield tag="008">060222s1000------------r-----000-0-eng-d</controlfield><datafield ind1=" " ind2=" " tag="080"><subfield code="a">530.12</subfield></datafield><datafield ind1=" " ind2=" " tag="100"><subfield code="a">Sciama,D.W</subfield></datafield><datafield ind1=" " ind2=" " tag="245"><subfield code="a">The physical foundations of general relativity</subfield></datafield><datafield ind1=" " ind2=" " tag="260"><subfield code="a">London ,Heinemann Educational Books Ltd.,1969. Viii+118 P</subfield></datafield><datafield ind1=" " ind2=" " tag="490"><subfield code="a">Science Study Series</subfield></datafield><datafield ind1=" " ind2=" " tag="852"><subfield code="a">36002</subfield></datafield></record></collection>